<?xml version="1.0" encoding="UTF-8"?>
<collection xmlns:xsi="http://www.w3.org/2001/XMLSchema-instance" xsi:schemaLocation="http://www.loc.gov/MARC21/slim http://www.loc.gov/standards/marcxml/schema/MARC21slim.xsd" xmlns="http://www.loc.gov/MARC21/slim">
<record>
  <leader>00715cam a22002051a 4500</leader>
  <controlfield tag="001">2958999</controlfield>
  <controlfield tag="003">NNC</controlfield>
  <controlfield tag="005">20130426002749.0</controlfield>
  <controlfield tag="008">010213m19499999ua            000 0 ara d</controlfield>
  <datafield tag="035" ind1=" " ind2=" ">
    <subfield code="a">(OCoLC)ocm45902163</subfield>
  </datafield>
  <datafield tag="035" ind1=" " ind2=" ">
    <subfield code="9">ASK4128CU</subfield>
  </datafield>
  <datafield tag="035" ind1=" " ind2=" ">
    <subfield code="a">(NNC)2958999</subfield>
  </datafield>
  <datafield tag="040" ind1=" " ind2=" ">
    <subfield code="a">ZCU</subfield>
    <subfield code="c">ZCU</subfield>
  </datafield>
  <datafield tag="090" ind1=" " ind2=" ">
    <subfield code="a">BP189</subfield>
    <subfield code="b">.J54</subfield>
  </datafield>
  <datafield tag="100" ind1="1" ind2=" ">
    <subfield code="a">Jīlī, ʻAbd al-Karīm ibn Ibrāhīm,</subfield>
    <subfield code="d">1365 or 1366-</subfield>
  </datafield>
  <datafield tag="245" ind1="1" ind2="3">
    <subfield code="a">al-Insān al-kāmil fī maʻrifat al-awākhir wa-al-awāʾil /</subfield>
    <subfield code="c">taʾlīf ʻAbd al-Karīm ibn Ibrāhīm al-Jīlānī [sic]. --</subfield>
  </datafield>
  <datafield tag="260" ind1=" " ind2=" ">
    <subfield code="a">Miṣr :</subfield>
    <subfield code="b">Maktabat wa-Maṭbaʻat Muhammad ʻAlī Ṣabīh,</subfield>
    <subfield code="c">[1949-</subfield>
  </datafield>
  <datafield tag="300" ind1=" " ind2=" ">
    <subfield code="a">v. ;</subfield>
    <subfield code="c">27 cm.</subfield>
  </datafield>
  <datafield tag="650" ind1=" " ind2="0">
    <subfield code="a">Mysticism</subfield>
    <subfield code="x">Islam</subfield>
    <subfield code="v">Early works to 1800.</subfield>
  </datafield>
  <datafield tag="955" ind1=" " ind2=" ">
    <subfield code="b">0031290590</subfield>
    <subfield code="d">glx</subfield>
    <subfield code="e">BP189 .J54</subfield>
    <subfield code="v">v.1</subfield>
  </datafield>
</record>
</collection>